<?xml version="1.0" encoding="UTF-8"?><record xmlns="http://www.loc.gov/MARC21/slim" xmlns:cinclude="http://apache.org/cocoon/include/1.0" xmlns:zs="http://www.loc.gov/zing/srw/">
  <leader>00328nz  a2200121n  4500</leader>
  <controlfield tag="001">n  94017607 </controlfield>
  <controlfield tag="003">DLC</controlfield>
  <controlfield tag="005">19940228104825.7</controlfield>
  <controlfield tag="008">940223n| acannaab|          |n aaa ||| c</controlfield>
  <datafield tag="010" ind1=" " ind2=" ">
    <subfield code="a">n  94017607 </subfield>
  </datafield>
  <datafield tag="040" ind1=" " ind2=" ">
    <subfield code="a">TxU-Mu</subfield>
    <subfield code="c">TxU-Mu</subfield>
  </datafield>
  <datafield tag="100" ind1="1" ind2="0">
    <subfield code="a">Striuli, Carlo</subfield>
  </datafield>
  <datafield tag="670" ind1=" " ind2=" ">
    <subfield code="a">Wolf-Ferrari, E. Il campiello [SR] p1993:</subfield>
    <subfield code="b">insert (Carlo Striuli; bass)</subfield>
  </datafield>
</record>